<?xml version="1.0" encoding="UTF-8"?>
<record xmlns="http://www.loc.gov/MARC21/slim">
  <leader>01544cam a22003610a 4500</leader>
  <controlfield tag="001">3458322</controlfield>
  <controlfield tag="008">811127c19811889quc     b     0001  eng  </controlfield>
  <datafield tag="020" ind1=" " ind2=" ">
    <subfield code="a">0665101473 (Positive copy)</subfield>
  </datafield>
  <datafield tag="035" ind1=" " ind2=" ">
    <subfield code="a">(Sirsi) AOX-6153</subfield>
  </datafield>
  <datafield tag="040" ind1=" " ind2=" ">
    <subfield code="a">CaOOCIHM</subfield>
    <subfield code="b">eng</subfield>
  </datafield>
  <datafield tag="082" ind1="0" ind2=" ">
    <subfield code="a">255.53</subfield>
    <subfield code="2">19</subfield>
  </datafield>
  <datafield tag="245" ind1="0" ind2="4">
    <subfield code="a">The Moral theologian of the &quot;Mail&quot;</subfield>
    <subfield code="h">[microform] :</subfield>
    <subfield code="b">the end and the means, mental reservation, restitution and charity /</subfield>
    <subfield code="c">[A.E. Jones].</subfield>
  </datafield>
  <datafield tag="260" ind1="0" ind2=" ">
    <subfield code="a">[Montréal? :</subfield>
    <subfield code="b">s.n.,</subfield>
    <subfield code="c">1889?]</subfield>
  </datafield>
  <datafield tag="300" ind1=" " ind2=" ">
    <subfield code="a">1 microfiche (32 fr.).</subfield>
  </datafield>
  <datafield tag="500" ind1=" " ind2=" ">
    <subfield code="a">Cover title.</subfield>
  </datafield>
  <datafield tag="500" ind1=" " ind2=" ">
    <subfield code="a">Caption title: The moral theologian of the Quarterly Review.</subfield>
  </datafield>
  <datafield tag="500" ind1=" " ind2=" ">
    <subfield code="a">Preface signed: A.E. Jones.</subfield>
  </datafield>
  <datafield tag="500" ind1=" " ind2=" ">
    <subfield code="a">Compilation attributed to A.E. Jones--National Union Catalog pre-1956 imprints.</subfield>
  </datafield>
  <datafield tag="500" ind1=" " ind2=" ">
    <subfield code="a">Original issued in series: Jesuit maxims ; no. 2.</subfield>
  </datafield>
  <datafield tag="533" ind1=" " ind2=" ">
    <subfield code="a">Filmed from a copy of the original publication held by the National Library of Canada.</subfield>
    <subfield code="b">Ottawa :</subfield>
    <subfield code="c">Canadian Institute for Historical Microreproductions,</subfield>
    <subfield code="d">1981.</subfield>
  </datafield>
  <datafield tag="596" ind1=" " ind2=" ">
    <subfield code="a">4</subfield>
  </datafield>
  <datafield tag="610" ind1="2" ind2="0">
    <subfield code="a">Jesuits</subfield>
  </datafield>
  <datafield tag="700" ind1="1" ind2="0">
    <subfield code="a">Jones, A. E.</subfield>
    <subfield code="q">(Arthur Edward),</subfield>
    <subfield code="d">1838-1918.</subfield>
  </datafield>
  <datafield tag="730" ind1="4" ind2="1">
    <subfield code="a">The Mail (Toronto, Ont.).</subfield>
  </datafield>
  <datafield tag="730" ind1="0" ind2="1">
    <subfield code="a">Month.</subfield>
  </datafield>
  <datafield tag="730" ind1="0" ind2="1">
    <subfield code="a">Quarterly review.</subfield>
  </datafield>
  <datafield tag="830" ind1=" " ind2="0">
    <subfield code="a">CIHM/ICMH Microfiche series ;</subfield>
    <subfield code="v">no. 10147</subfield>
  </datafield>
  <datafield tag="830" ind1=" " ind2="0">
    <subfield code="a">Jesuit maxims ;</subfield>
    <subfield code="v">no. 2.</subfield>
  </datafield>
  <datafield tag="948" ind1=" " ind2=" ">
    <subfield code="a">10/15/1993</subfield>
    <subfield code="b">07/19/1999</subfield>
  </datafield>
  <datafield tag="904" ind1="1" ind2=" ">
    <subfield code="a">CIHM/ICMH Microfiche series = CIHM/ICMH collection de microfiches ;</subfield>
    <subfield code="v">no. 10147</subfield>
  </datafield>
  <datafield tag="983" ind1=" " ind2="0">
    <subfield code="a">CIHM/ICMH collection de microfiches ;</subfield>
    <subfield code="v">no 10147</subfield>
  </datafield>
  <datafield tag="998" ind1=" " ind2=" ">
    <subfield code="a"> 816061068</subfield>
  </datafield>
  <datafield tag="926" ind1=" " ind2=" ">
    <subfield code="a">MEDIA_COMM</subfield>
    <subfield code="b">MICROTEXT</subfield>
    <subfield code="c">CIHM no. 10147</subfield>
    <subfield code="d">MICROFORM</subfield>
    <subfield code="f">1</subfield>
  </datafield>
</record>
